@misc{msnr-portal,
      title  = "Adresa sa implementacijom portala MSNR",
      note = {url: \url{https://github.com/NemanjaSubotic/master-rad/tree/master/portal}}
}

@misc{rad, 
title = {{Programski jezici Elm i Elixir u razvoju studentskog veb portala}}, 
author = {{Nemanja Subotić}},
year = {2022},
note = {url: \url{http://elibrary.matf.bg.ac.rs/bitstream/handle/123456789/5482/MasterRadNemanjaSubotic.pdf?sequence=1}}
}

@book{4phase,
  author = {Meszaros, Gerard},
  title = {{xUnit Test Patterns: Refactoring Test Code}},
  publisher = {Addison-Wesley},
  year = {2007}
}

@misc {haskell,
	title = {{Zvanična stranica programskog jezika Haskell}},
	note = {url: \url {https://www.haskell.org/}}
}

@misc {elm-lang-official,
	title = {{Zvanična stranica programskog jezika Elm}}, 
	note = {url: \url {https://guide.elm-lang.org/}}
}

@misc {elixir-lang-official,
	title = {{Zvanična stranica programskog jezika Elixir}}, 
	note = {url: \url {https://elixir-lang.org/}}
}

@misc {erlang,
	title = {{Zvanična stranica programskog jezika Erlang}}, 
	note = {url: \url {https://www.erlang.org/}}
}

@book{elm-in-action, 
	author = {Feldman, Richard},
	title = {{Elm in Action}},
	publisher = {Manning},
	year = {2020}
}

@misc{rest,
      title  = {{REST architectural style}},
      note = {url: \url{https://www.ics.uci.edu/~fielding/pubs/dissertation/rest_arch_style.htm}}
}

 @misc{postgre,
      title  = {{Zvanična stranica baze podataka PostgreSql}},
      note = {url: \url{https://www.postgresql.org}}
    }  

@book{testingelixir,
title =  {{Testing Elixir - Effective and Robust Testing for Elixir and its Ecosystem}},
author =    {Leopardi, Andrea and Matthias, Jeffrey},
publisher = {Pragmatic Bookshelf},
isbn =      {9781680507829},
year =      {2021}
}

@article{external,
title = {{Mocking External Dependencies in Elixir}},
author = {Velasco, German},
year = {2022}
}

@article{fabrike,
title = {{An Introduction to Test Factories and Fixtures for Elixir}},
author = {Almeida, Ulisses},
publisher = {AppSignal},
year = {2023}
}



@book{cohn,
  title={{Succeeding with Agile: Software Development Using Scrum}},
  author={Cohn, M.},
  isbn={9780321579362},
  lccn={2009038601},
  series={A Mike Cohen signature book},
  url={https://books.google.com.ar/books?id=IdT6AgAAQBAJ},
  year={2010},
  publisher={Addison-Wesley}
}

@book{phxaction,
	title = {Phoenix in Action}, 
	author = {Lessel, Geoffrey},
	isbn = {9781617295041},
	url = {https://www.manning.com/books/phoenix-in-action},
	year = {2019},
	publisher = {Manning}
}

@misc{stlc,
title = {{Software Testing Life Cycle}},
note = {on-line at: \url{https://www.geeksforgeeks.org/software-testing-life-cycle-stlc/}}
}

@misc{est, 
title = {{Effective Software Testing: 50 Specific Ways to Improve Your Testing}},
author = {Dustin, Elfriede}, 
url = {\url{http://www.cse.hcmut.edu.vn/~hiep/KiemthuPhanmem/Tailieuthamkhao/Effective%20Software%20Testing%20-%2050%20specific%20ways%20to%20improve%20your%20testing.pdf}}

}

@misc{func,
title = {{Functional programming paradigm}},
publisher = {GeeksForGeeks},
note = {url: \url{https://www.geeksforgeeks.org/functional-programming-paradigm/}}
}

@misc{test, 
title = {{International Software Testing Certified Tester Foundation Level (CTFL) Sylabus}},
author = {Olsen, Klaus and Posthuma, Meile and
Ulrich, Stephanie},
note = {url: \url{
https://istqb-main-web-prod.s3.amazonaws.com/media/documents/
ISTQB-CTFL_Syllabus_2018_v3.1.1.pdf.}}
}

@misc{exunit,
title = {{Zvanična dokumentacija okruženja ExUnit}},
note = {url: \url{https://hexdocs.pm/ex_unit/ExUnit.html}}
}

@misc{phx,
      title  = {{Zvanična stranica razvojnog okruženja Phoenix}},
      note = {url: \url{https://www.phoenixframework.org}}
}

@misc{elix,
title =  {{Zvanična stranica programskog jezika Elixir}}, 
note = {url: \url{https://elixir-lang.org/}}
}

@misc{pbk,
   title = {{Zvanična stranica biblioteke Pbkdf2}},
   note = {url: \url{https://hexdocs.pm/pbkdf2_elixir/Pbkdf2.html}}
}

@misc{ecto,
      title  = {{Zvanična dokumentacija biblioteke Ecto}},
      note = {url: \url{https://hexdocs.pm/ecto/Ecto.html}}
}

@misc{exmachina,
      title  = {{Zvanična dokumentacija biblioteke ExMachina}},
      note = {url: \url{https://hexdocs.pm/ex_machina/readme.html}}
}

@misc{hexcontrol,
      title  = {{Zvanična dokumentacija Phoenix upravljača}},
      note = {url: \url{https://hexdocs.pm/phoenix/controllers.html}}
}

@misc{execto,
      title  = {{Zvanična dokumentacija modula ExMachina.Ecto}},
      note = {url: \url{https://hexdocs.pm/ex_machina/ExMachina.Ecto.html}}
}

@misc{faker, 
	title = {{Zvanična dokumentacija biblioteke Faker}}, 
	note = {url: \url{https://hexdocs.pm/faker/readme.html}}	
}

@misc{hex,
      title  = {{Zvanična stranica alata Hex}},
      note = {url: \url{https://hex.pm/}}
}

@misc{plug,
      title  = {{Zvanična dokumentacija biblioteke Plug}},
      note = {url: \url{https://hexdocs.pm/plug/readme.html}}
}



@misc{elm-test,
	title = {{Zvanična stranica alata elm-test}},
	note = {url: \url{https://www.npmjs.com/package/elm-test}}
}

@misc{npm,
	title = {{Node.js upravljač paketa}},
	note = {url: \url{https://www.npmjs.com/package/elm-test}}
}

@misc{expect, 
	title = {{Zvanična stranica biblioteke Expect}},
	note = {url: \url{https://package.elm-lang.org/packages/elm-explorations/test/latest/Expect}}
}

@misc{fuzz,
	title = {{Zvanična stranica biblioteke Fuzz}}, 
	note = {url: \url{https://package.elm-lang.org/packages/elm-explorations/test/latest/Fuzz}}
}

@misc{testmodul,
	title = {{Zvanična stranica biblioteke Test}},
	note = {url: \url {https://package.elm-lang.org/packages/elm-explorations/test/latest/Test}}
}

@misc{cmd1, 
	title = {{Paket elm-testable}},
	note = {url : \url {https://package.elm-lang.org/packages/rogeriochaves/elm-testable/latest}}
}

@misc{cmd2,
   	title = {{Testing programs with Cmds}},
   	note = {url : \url {https://elm-program-test.netlify.app/cmds.html#introducing-the-example-program}}
}

@misc{html-elm-test,
	title = {{Zvanična stranica paketa elm-html-test}},
	note = {url: \url {https://package.elm-lang.org/packages/eeue56/elm-html-test/5.2.0/}}
}



